%% This BibTeX bibliography file was created using BibDesk.
%% http://bibdesk.sourceforge.net/


%% Created for Mak at 2011-07-01 23:12:31 +0200 


%% Saved with string encoding Unicode (UTF-8) 

@online{ID,
	ALTauthor = {author},
	ALTeditor = {editor},
	title = {title},
	date = {date},
	url = {url},
}
@Misc{canderaFAQ,
	author = {{Candera GmbH}},
	key = {canderaFAQ},
	title = {FAQs},
	howpublished = "\url{https://cgistudio.at/de/support/#faq}",
	note = "[Online; Stand 20.03.2020]"
}

@Misc{duden_mensch,
	author = {{Duden}},
	key = {duden_mensch},
	title = {{Duden Eintrag Mensch}},
	howpublished = "\url{https://www.duden.de/rechtschreibung/Mensch_Lebewesen_Individuum}",
	note = "[Online; Stand 14.08.2020]"
}

@Misc{duden_maschine,
	author = {{Duden}},
	key = {duden_maschine},
	title = {{Duden Eintrag Maschine}},
	howpublished = "\url{https://www.duden.de/rechtschreibung/Maschine}",
	note = "[Online; Stand 15.05.2020]"
}

@Misc{duden_schnittstelle,
	author = {{Duden}},
	key = {duden_schnittstelle},
	title = {{Duden Eintrag Schnittstelle}},
	howpublished = "\url{https://www.duden.de/rechtschreibung/Schnittstelle}",
	note = "[Online; Stand 14.08.2020]"
}

@Misc{wiki_schnittstelle,
	author = {{Wikipedia}},
	key = {wiki_schnittstelle},
	title = {{Wikipedia Eintrag Benutzerschnittstelle}},
	howpublished = "\url{https://de.wikipedia.org/wiki/Benutzerschnittstelle}",
	note = "[Online; Stand 15.05.2020]"
}

@Misc{wiki_storyboard,
	author = {{Wikipedia}},
	key = {wiki_storyboard},
	title = {{Wikipedia Eintrag Eclipse}},
	howpublished = "\url{https://de.wikipedia.org/wiki/Eclipse_(IDE)}",
	note = "[Online; Stand 15.06.2020]"
}

@Misc{storyboard_doku_psd,
	author = {{Crank Software}},
	key = {storyboard_doku_psd},
	title = {{Storyboard Dokumentation (PSD Import)}},
	howpublished = "\url{https://resources.cranksoftware.com/cranksoftware/v5.3.0/docs/webhelp/ch29s01.html}",
	note = "[Online; Stand 16.06.2020]"
}

@Misc{qt_company,
	author = {{Qt Company}},
	key = {qt_company},
	title = {{History of Qt}},
	howpublished = "\url{https://www.qt.io/company}",
	note = "[Online; Stand 22.07.2020]"
}

@Misc{mvc_wiki,
	author = {{Ward Cunningham}},
	key = {mvc_wiki},
	title = {{Model View Controller}},
	howpublished = "\url{http://wiki.c2.com/?ModelViewController}",
	note = "[Online; Stand 07.08.2020]"
}

@Misc{qt_mask,
	author = {{Qt Company}},
	key = {qt_mask},
	title = {{OpacityMask QML Type}},
	howpublished = "\url{https://doc.qt.io/qt-5/qml-qtgraphicaleffects-opacitymask.html}",
	note = "[Online; Stand 04.09.2020]"
}

@Misc{qt_designer,
	author = {{Qt Company}},
	key = {qt_designer},
	title = {{Getting to Know Qt Designer}},
	howpublished = "\url{https://doc.qt.io/qt-5/designer-to-know.html}",
	note = "[Online; Stand 04.09.2020]"
}

@Misc{bosch,
	author = {{Robert Bosch GmbH}},
	key = {bosch},
	title = {{Bosch Intranet}},
}

@Misc{iso25010,
	author = {{Internationale Organisation für Normung}},
	key = {iso25010},
	title = {{ISO 25010:2011}},
}



@techreport{SW_evol_req,
	author = {{Capel, Manuel and Grimán, Anna and Garví, Eladio}},
	year = {{2019}},
	month = {{11}},
	institution={{Software Engineering Department, College of Informatics and Telecommunication,
	University of Granada, Simón Bolívar University}},
	title = {{Design Patterns for Software Evolution Requirements}}
}

@techreport{towards_maintain,
	author = {{Grimán, Anna and Chávez, Luisana and Pérez, María and Mendoza Morales, Luis and Domínguez, Kenyer}},
	year = {{2006}},
	month = {{01}},
	pages = {{555-558}},
	institution={{Simon Bolívar University}},
	title = {{Towards a Maintainability Evaluation in Software Architectures.}}
}

@techreport{DoughertySecureDesign2009,
	title={{Secure Design Patterns}},
	author={{Chad Dougherty and Kirk Sayre and Robert Seacord and David Svoboda and Kazuya Togashi}},
	year={{2009}},
	number={{CMU/SEI-2009-TR-010}},
	institution={{Software Engineering Institute, Carnegie Mellon University}},
	address={{Pittsburgh, PA}}
}

@book {noauthor2011EntwurfsmusterElemente,
	title = {{Entwurfsmuster: Elemente wiederverwendbarer objektorientierter Software}},
	editor = {{Gamma, Erich, 1961- and Helm, Richard and Johnson, Ralph and Vlissides, John M., 1961-2005 and Riehle, Dirk, 1969- [Übersetzer/in]}},
	series = {{Programmer's choice}},
	address = {{München [u.a.]}},
	publisher = {{Addison-Wesley}},
	year = {{2011}},
	edition = {{[6. Aufl.]}},
	isbn = {{9783827330437}},
	language = {{Deutsch}},
	keywords = {{Softwareentwicklung. Objektorientierte Programmierung. Softwarewiederverwendung}},
	pages = {{XXII, 479 Seiten}},
}




